<?xml version="1.0" encoding="UTF-8"?>
<record xmlns="http://www.loc.gov/MARC21/slim">
   <leader>02366cam a2200361 a 4500</leader>
   <controlfield tag="001">2701942</controlfield>
   <controlfield tag="003">NjP</controlfield>
   <controlfield tag="005">20190705144430.0</controlfield>
   <controlfield tag="008">000121q18001899mr            000 0 ara d</controlfield>
   <datafield tag="024" ind1="7" ind2=" ">
      <subfield code="a">princeton_aco004612</subfield>
      <subfield code="2">local</subfield>
   </datafield>
   <datafield ind1=" " ind2=" " tag="035">
      <subfield code="9">CMW5268TS</subfield>
   </datafield>
   <datafield ind1=" " ind2=" " tag="035">
      <subfield code="a">(NjP)2701942</subfield>
   </datafield>
   <datafield ind1=" " ind2=" " tag="040">
      <subfield code="a">NjP</subfield>
      <subfield code="c">PUL</subfield>
      <subfield code="d">PUL</subfield>
   </datafield>
   <datafield ind1=" " ind2=" " tag="049">
      <subfield code="a">PULL</subfield>
   </datafield>
   <datafield ind1=" " ind2=" " tag="035">
      <subfield code="a">(OCoLC)ocm82496015</subfield>
   </datafield>
   <datafield ind1="1" ind2=" " tag="100">
      <subfield code="6">880-01</subfield>
      <subfield code="a">Bābā, Aḥmad ibn Aḥmad,</subfield>
      <subfield code="d">1556-1627.</subfield>
      <subfield code="0">http://id.loc.gov/authorities/names/n88242660</subfield>
   </datafield>
   <datafield ind1="1" ind2="0" tag="240">
      <subfield code="a">Selections.</subfield>
      <subfield code="f">1800</subfield>
   </datafield>
   <datafield ind1="1" ind2="3" tag="245">
      <subfield code="6">880-02</subfield>
      <subfield code="a">al-Ḥamd lillāh ishtamalat hādhihi al-malzamah ... ʻalá taghāyīr arbaʻ :</subfield>
      <subfield code="b">ahaḍuhā yusammá Irshād al-wāqif li-maʻná wa-khaṣṣaṣat niyyat al-ḥālif, wa-thānīhā Fatḥ al-Razzāq fī masʼalat al-shakk fī al-ṭalāq, wa-thālithuhā Ifhām al-sāmiʻ bi-maʻná qawl al-Shaykh Khalīl fī al-nikāḥ bi-al-manāfiʻ, wa-rābiʻuhā Anfus al-aʻlāq fī fatḥ al-istighlāq min fahm kalām Khalīl fī darak al-ṣadāq /</subfield>
      <subfield code="c">wa-kilāhā lil-ʻallāmah Aḥmad Bābā.</subfield>
   </datafield>
   <datafield ind1=" " ind2=" " tag="260">
      <subfield code="a">[Morocco? :</subfield>
      <subfield code="b">s.n.,</subfield>
      <subfield code="c">18--?]</subfield>
   </datafield>
   <datafield ind1=" " ind2=" " tag="300">
      <subfield code="a">8, 6 p. ;</subfield>
      <subfield code="c">22 cm.</subfield>
   </datafield>
   <datafield ind1=" " ind2=" " tag="500">
      <subfield code="a">Cover title.</subfield>
   </datafield>
   <datafield ind1=" " ind2="0" tag="650">
      <subfield code="a">Marriage (Islamic law)</subfield>
      <subfield code="0">http://id.loc.gov/authorities/subjects/sh85081448</subfield>
   </datafield>
   <datafield ind1=" " ind2="0" tag="650">
      <subfield code="a">Divorce (Islamic law)</subfield>
      <subfield code="0">http://id.loc.gov/authorities/subjects/sh85038630</subfield>
   </datafield>
   <datafield ind1="0" ind2="0" tag="600">
      <subfield code="6">880-03</subfield>
      <subfield code="a">Khalīl ibn Isḥāq al-Jundī,</subfield>
      <subfield code="d">-1365?</subfield>
      <subfield code="0">http://id.loc.gov/authorities/names/n79121389</subfield>
   </datafield>
   <datafield ind1=" " ind2="7" tag="655">
      <subfield code="a">Lithographs</subfield>
      <subfield code="z">Morocco</subfield>
      <subfield code="2">gmgpc</subfield>
   </datafield>
   <datafield ind1="1" ind2=" " tag="880">
      <subfield code="6">100-01/r</subfield>
      <subfield code="a">بابا، احمد بن احمد،</subfield>
      <subfield code="d">1556-1627.</subfield>
   </datafield>
   <datafield ind1="1" ind2="2" tag="880">
      <subfield code="6">245-02/r</subfield>
      <subfield code="a">الحمد للاه اشتملة هذه الملزمة ... على تغايير اربع :</subfield>
      <subfield code="b">اهضها يسمى ارشاد الواقف لمعنى وخصصة نية الحالف، وثانيها فتح الرزاق في مسألة الشك في الطلاق، وثالثها افهام السامع بمعنى قول الشيخ خليل في النكاح بالمنافع، ورابعها انفس الاعلاق في فتح الاستغلاق من فهم كلام خليل في درك الصداق /</subfield>
      <subfield code="c">وكلاها للعلامة احمد بابا.</subfield>
   </datafield>
   <datafield ind1="0" ind2="0" tag="880">
      <subfield code="6">600-03/r</subfield>
      <subfield code="a">خليل بن اسحاق الجندي،</subfield>
      <subfield code="d">d. 1365؟</subfield>
   </datafield>
   <datafield ind1="4" ind2=" " tag="856">
      <subfield code="u">http://hdl.handle.net/2027/njp.32101076412905</subfield>
   </datafield>
   <datafield ind1=" " ind2=" " tag="948">
      <subfield code="a">jeb</subfield>
   </datafield>
   <datafield ind1=" " ind2=" " tag="911">
      <subfield code="a">20000121</subfield>
   </datafield>
   <datafield ind1=" " ind2=" " tag="912">
      <subfield code="a">20000121051700.0</subfield>
   </datafield>
   <datafield ind1=" " ind2=" " tag="994">
      <subfield code="a">C0</subfield>
      <subfield code="b">PUL</subfield>
   </datafield>
   <datafield ind1=" " ind2=" " tag="999">
      <subfield code="a">2701942</subfield>
   </datafield>
   <datafield ind1=" " ind2=" " tag="979">
      <subfield code="a">(OCoLC)ocn178305608</subfield>
   </datafield>
   <datafield ind1="8" ind2="0" tag="852">
      <subfield code="0">3011633</subfield>
      <subfield code="b">rcppa</subfield>
      <subfield code="t">1</subfield>
      <subfield code="h">2271.5084.566 1800z</subfield>
      <subfield code="x">tr fr f</subfield>
   </datafield>
   <datafield ind1="8" ind2=" " tag="852">
      <subfield code="0">8743028</subfield>
      <subfield code="b">elf1</subfield>
      <subfield code="h">Electronic Resource</subfield>
   </datafield>
   <datafield ind1=" " ind2=" " tag="959">
      <subfield code="a">2000-06-08 00:00:00 -0500</subfield>
   </datafield>
</record>
